@book{nizam,
    title={\textarabic{نظام النحو}},
    author={Emran Salam},
    year={2021},
    language={english},
    langid={english}
}

@book{tasheel,
    title={Tasheel Al-Nahw},
    author={Aamir Bashir},
    publisher={Dar al-Sa'adah Publications},
    year={2016},
    language={english},
    langid={english}
}